% Encoding: ISO-8859-1

@Article{andreTypo,
  author    = {Andr�, Jacques},
  title     = {Petites le�ons de typographie},
  journal   = {IRISA},
  year      = {1990},
  owner     = {roderic},
  timestamp = {2014.04.28},
  url       = {http://jacques-andre.fr/faqtypo/lessons.pdf},
}

@Misc{typoUS,
  author    = {Lacroix, Dominique},
  title     = {M�mento de typographie anglaise � l'usage de r�dacteurs francophones},
  year      = {2007},
  owner     = {roderic},
  timestamp = {2014.04.28},
  url       = {http://www.infotheque.info/cache/9491/www.panamo.com/RESS/anglais.html},
}

@TechReport{guide,
  author      = {Mouchot, M.C.},
  title       = {Guide de r�daction de rapport de projet},
  institution = {Telecom Bretagne},
  year        = {2008},
  owner       = {roderic},
  timestamp   = {2014.04.22},
}

@Book{tufte,
  title     = {The Visual Display of Quantitative Information},
  publisher = {Graphic Press},
  year      = {2001},
  author    = {Tufte, Edward R.},
  owner     = {roderic},
  timestamp = {2014.04.23},
}
