@book{milne1983underwater,
    title={Underwater acoustic positioning systems},
    author={Milne, Peter Henry},
    year={1983},
    publisher={Gulf Publishing Co., Houston, TX}
}
