@book{stellman2014learning,
    title={Learning Agile: Understanding Scrum, XP, Lean, and Kanban},
    author={Stellman, A. and Greene, J.},
    isbn={9781449363840},
    lccn={2015510091},
    url={https://books.google.fr/books?id=XLxUBQAAQBAJ},
    year={2014},
    publisher={O'Reilly Media}
}
