@inproceedings{inproceedings,
    author = {Bingham, Brian and Aguero, Carlos and Mccarrin, Michael and Klamo, Joseph and Malia, Joshua and Allen, Kevin and Lum, Tyler and Rawson, Marshall and Waqar, Rumman},
    year = {2019},
    month = {10},
    pages = {1-10},
    title = {Toward Maritime Robotic Simulation in Gazebo},
    doi = {10.23919/OCEANS40490.2019.8962724}
}